@online{deloitte,
author = {David Schatsky},
title = {Getting smart about smart contracts},
year = {},
url = {https://www2.deloitte.com/us/en/pages/finance/articles/cfo-insights-getting-smart-contracts.html}
addendum = "(accessed: 01.09.2016)"
}
@article{<citation-key>,
title = {},
author = {},
journaltitle = {},
volume = {},
page = {},
year = {}
doi = {}
}

@online{<citation-key>,
author = {},
title = {},
year = {},
url = {}
}

@book{<citation-key>,
title = {},
author = {},
editor = {},
publisher = {},
page = {},
year = {}
}