@misc{deloitte,
author = {David Schatsky},
title = {Getting smart about smart contracts},
url = {https://www2.deloitte.com/us/en/pages/finance/articles/cfo-insights-getting-smart-contracts.html},
note = {Available at \url{https://www2.deloitte.com/us/en/pages/finance/articles/cfo-insights-getting-smart-contracts.html}}
}
@misc{forbes,
author = {David Petersson},
title = {How Smart Contracts Started And Where They Are Heading},
url = {https://www.forbes.com/sites/davidpetersson/2018/10/24/how-smart-contracts-started-and-where-they-are-heading/#2f37c82337b6},
note = {Available at \url{https://www.forbes.com/sites/davidpetersson/2018/10/24/how-smart-contracts-started-and-where-they-are-heading/#2f37c82337b6}}
}
@misc{smartcontract,
author={},
title = {Smart Contract},
url = {https://en.wikipedia.org/wiki/Smart_contract#History},
note = {Available at \url{https://en.wikipedia.org/wiki/Smart_contract#History}}
}
@misc{cointelegrah,
author = {Joshua Mapperson },
title = {Ethereum Smart Contracts up 75\% to Almost 2M in March},
url = {https://cointelegraph.com/news/ethereum-smart-contracts-up-75-to-almost-2m-in-march},
note = {Available at \url{https://cointelegraph.com/news/ethereum-smart-contracts-up-75-to-almost-2m-in-march}}
}
@misc{knownattacks,

title = {Known Attacks},
author = {},
url = {https://consensys.github.io/smart-contract-best-practices/known_attacks/},
note = {Available at \url{https://consensys.github.io/smart-contract-best-practices/known_attacks/}}
}

@misc{koet,
title = {King of the Ether},
author = {},
url = {https://www.kingoftheether.com/thrones/kingoftheether/index.html},
note = {Available at \url{https://www.kingoftheether.com/thrones/kingoftheether/index.html}}
}
@misc{ether,
author = {},
title = {Ethereum},
url = {https://en.wikipedia.org/wiki/Ethereum#Ether},
note = {Available at \url{https://en.wikipedia.org/wiki/Ethereum#Ether}}
}
@misc{pomzigame,
author = {Pete Humiston},
title = {Smart Contract Attacks [Part 2] - Ponzi Games Gone Wrong},
url = {https://hackernoon.com/smart-contract-attacks-part-2-ponzi-games-gone-wrong-d5a8b1a98dd8},
note = {Available at \url{https://hackernoon.com/smart-contract-attacks-part-2-ponzi-games-gone-wrong-d5a8b1a98dd8}}
}

@misc{kattack,
author = {},
title = {Known Attacks},
url = {https://ethereum-contract-security-techniques-and-tips.readthedocs.io/en/latest/known_attacks/},
note = {Available at \url{https://ethereum-contract-security-techniques-and-tips.readthedocs.io/en/latest/known_attacks/}}
}
@misc{talos,
author = {Marcin 'Icewall' Noga},
title = {CPP-Ethereum libevm create2 Information Leak Vulnerability},
url = {https://talosintelligence.com/vulnerability_reports/TALOS-2017-0503},
note = {Available at \url{https://talosintelligence.com/vulnerability_reports/TALOS-2017-0503}}
}
@misc{sctool,
author = {},
title = {SmartCheck},
url = {https://tool.smartdec.net/},
note = {Available at \url{https://tool.smartdec.net/}}
}
@misc{scgithub,
author = {S. {Tikhomirov} and E. {Voskresenskaya} and I. {Ivanitskiy} and R. {Takhaviev} and E. {Marchenko} and Y. {Alexandrov} },
title = {SmartCheck},
url = {https://github.com/smartdec/smartcheck/},
note = {Available at \url{https://github.com/smartdec/smartcheck/}}
}
@InProceedings{10.1007/978-3-319-72359-4_1,
author="Chen, Ting
and Li, Xiaoqi
and Wang, Ying
and Chen, Jiachi
and Li, Zihao
and Luo, Xiapu
and Au, Man Ho
and Zhang, Xiaosong",
editor="Liu, Joseph K.
and Samarati, Pierangela",
title="An Adaptive Gas Cost Mechanism for Ethereum to Defend Against Under-Priced DoS Attacks",
booktitle="Information Security Practice and Experience",
year="2017",
publisher="Springer International Publishing",
address="Cham",
pages="3--24",
isbn="978-3-319-72359-4"
}

@INPROCEEDINGS{8445052,
  author={S. {Tikhomirov} and E. {Voskresenskaya} and I. {Ivanitskiy} and R. {Takhaviev} and E. {Marchenko} and Y. {Alexandrov}},
  booktitle={2018 IEEE/ACM 1st International Workshop on Emerging Trends in Software Engineering for Blockchain (WETSEB)}, 
  title={SmartCheck: Static Analysis of Ethereum Smart Contracts}, 
  year={2018},
  volume={},
  number={},
  pages={9-16},
  title = {Slither: A Static Analysis Framework for Smart Contracts},
  doi={},
  ISSN={},
  month={May},}

@INPROCEEDINGS{8823898,

  author={J. {Feist} and G. {Grieco} and A. {Groce}},

  booktitle={2019 IEEE/ACM 2nd International Workshop on Emerging Trends in Software Engineering for Blockchain (WETSEB)}, 

  title={Slither: A Static Analysis Framework for Smart Contracts}, 

  year={2019},

  volume={},

  number={},

  pages={8-15},}

@misc{slgithub,
author = {J. {Feist} and G. {Grieco} and A. {Groce} },
title = {Slither, the Solidity source analyzer},
url = {https://github.com/crytic/slither},
note = {Available at \url{https://github.com/crytic/slither}}
}
@misc{symbolic,
author = {},
title = {Symbolic Execution},
url = {https://en.wikipedia.org/wiki/Symbolic_execution},
note = {Available at \url{https://en.wikipedia.org/wiki/Symbolic_execution}}
}
@misc{etherscan,
author = {},
title = {Etherscan},
url = {https://etherscan.io/},
note = {Available at \url{https://etherscan.io/}}
}
@misc{ptb,
author = {Steve Marx},
year = {2018},
month = {January},
title = {Verifying Contract Source Code},
url = {https://programtheblockchain.com/posts/2018/01/16/verifying-contract-source-code/},
note = {Available at \url{https://programtheblockchain.com/posts/2018/01/16/verifying-contract-source-code/}}
}

@misc{bytecode,
author = {Bernard Peh},
year = {2017},
month = {September},
title = {Solidity Bytecode and Opcode Basics},
url = {https://medium.com/@blockchain101/solidity-bytecode-and-opcode-basics-672e9b1a88c2},
note = {Available at \url{https://medium.com/@blockchain101/solidity-bytecode-and-opcode-basics-672e9b1a88c2}}
}

@misc{ethyellow,
author = {},
year = {},
month = {},
title = {Ethereum Yellow Paper},
url = {https://github.com/ethereum/yellowpaper#ethereum-yellow-paper},
note = {Available at \url{https://github.com/ethereum/yellowpaper#ethereum-yellow-paper}}
}

@misc{ethop,
author = {},
year = {},
month = {},
title = {Ethereum VM (EVM) Opcodes and Instruction Reference},
url = {https://github.com/crytic/evm-opcodes#ethereum-vm-evm-opcodes-and-instruction-reference},
note = {Available at \url{https://github.com/crytic/evm-opcodes#ethereum-vm-evm-opcodes-and-instruction-reference}}
}

@misc{diffop,
author = {shane},
year = {2019},
month = {September},
title = {What is the difference between bytecode, init code, deployed bytedcode, creation bytecode, and runtime bytecode?},
url = {https://ethereum.stackexchange.com/questions/76334/what-is-the-difference-between-bytecode-init-code-deployed-bytedcode-creation},
note = {Available at \url{https://ethereum.stackexchange.com/questions/76334/what-is-the-difference-between-bytecode-init-code-deployed-bytedcode-creation}}
}

@inproceedings{10.1145/3274694.3274743,
author = {Nikoli\'{c}, Ivica and Kolluri, Aashish and Sergey, Ilya and Saxena, Prateek and Hobor, Aquinas},
title = {Finding The Greedy, Prodigal, and Suicidal Contracts at Scale},
year = {2018},
isbn = {9781450365697},
publisher = {Association for Computing Machinery},
address = {New York, NY, USA},
url = {https://doi.org/10.1145/3274694.3274743},
doi = {10.1145/3274694.3274743},
booktitle = {Proceedings of the 34th Annual Computer Security Applications Conference},
pages = {653–663},
numpages = {11},
location = {San Juan, PR, USA},
series = {ACSAC ’18}
}

@misc{maian,
author = {Ivica Nikolic},
year = {},
month = {},
title = {Maian},
url = {https://github.com/ivicanikolicsg/MAIAN#maian},
note = {Available at \url{https://github.com/ivicanikolicsg/MAIAN#maian}}
}

@misc{typechecking,
author = {},
year = {},
month = {},
title = {Type Checking and Type Equality},
url = {https://people.cs.umass.edu/~creichen/csci3155-s07/handout-B.pdf},
note = {Available at \url{https://people.cs.umass.edu/~creichen/csci3155-s07/handout-B.pdf}}
}

@inproceedings {217583,
author = {Yi Zhou and Deepak Kumar and Surya Bakshi and Joshua Mason and Andrew Miller and Michael Bailey},
title = {Erays: Reverse Engineering Ethereum{\textquoteright}s Opaque Smart Contracts},
booktitle = {27th {USENIX} Security Symposium ({USENIX} Security 18)},
year = {2018},
isbn = {978-1-939133-04-5},
address = {Baltimore, MD},
pages = {1371--1385},
url = {https://www.usenix.org/conference/usenixsecurity18/presentation/zhou},
publisher = {{USENIX} Association},
month = aug,
}
@misc{erays,
author = {Deepak Kumar and James Levy},
year = {},
month = {},
title = {Erays},
url = {https://github.com/teamnsrg/erays#erays},
note = {Available at \url{https://github.com/teamnsrg/erays#erays}}
}

@misc{eth1reum,
author = {},
year = {},
month = {},
title = {Ethereum},
url = {https://en.wikipedia.org/wiki/Ethereum},
note = {Available at \url{https://en.wikipedia.org/wiki/Ethereum}}
}

@misc{dummies,
author = { Michael Solomon},
year = {},
month = {},
title = {Top 10 Ethereum Uses},
url = {https://www.dummies.com/personal-finance/top-10-ethereum-uses/},
note = {Available at \url{https://www.dummies.com/personal-finance/top-10-ethereum-uses/}}
}

@misc{sdapp,
author = {},
year = {},
month = {},
title = {Explore Decentralized Applications},
url = {https://www.stateofthedapps.com/},
note = {Available at \url{https://www.stateofthedapps.com/}}
}

@misc{ethlance,
author = {},
year = {},
month = {},
title = {Ethlance},
url = {https://ethlance.com/},
note = {Available at \url{https://ethlance.com/}}
}

@misc{ethertweet,
author = {},
year = {},
month = {},
title = {EtherTweet},
url = {http://ethertweet.net/},
note = {Available at \url{http://ethertweet.net/}}
}

@misc{cryptokitties,
author = {},
year = {},
month = {},
title = {CyrtoKitties},
url = {http://www.cryptokitties.co/},
note = {Available at \url{http://ethertweet.net/}}
}

@misc{augur,
author = {},
year = {},
month = {},
title = {The world’s most accessible, no-limit betting exchange},
url = {http://www.augur.net/},
note = {Available at \url{http://www.augur.net/}}
}

@misc{gnosis,
author = {},
year = {},
month = {},
title = {Gnosis},
url = {https://blog.gnosis.pm/},
note = {Available at \url{https://blog.gnosis.pm/}}
}

@misc{etherscanchart,
author = {},
year = {},
month = {},
title = {Ethereum Daily Transactions Chart},
url = {https://etherscan.io/chart/tx},
note = {Available at \url{https://etherscan.io/chart/tx}}
}

@misc{dasp,
author = {},
year = {},
month = {},
title = {Decentralized Application Security Project (or DASP) Top 10 of 2018},
url = {https://dasp.co/},
note = {Available at \url{https://dasp.co/}}
}

@misc{dao,
author = {},
year = {},
month = {},
title = {The DAO (organization)},
url = {https://en.wikipedia.org/wiki/The_DAO_(organization)},
note = {Available at \url{https://en.wikipedia.org/wiki/The_DAO_(organization)}}
}

@misc{self1,
author = {Parity Technologies},
year = {2017},
month = {July},
title = {The Multi-sig Hack: A Postmortem},
url = {https://www.parity.io/the-multi-sig-hack-a-postmortem/},
note = {Available at \url{https://www.parity.io/the-multi-sig-hack-a-postmortem/}}
}

@misc{self2,
author = {Parity Technologies},
year = {2017},
month = {November},
title = {A Postmortem on the Parity Multi-Sig Library Self-Destruct},
url = {http://paritytech.io/a-postmortem-on-the-parity-multi-sig-library-self-destruct/},
note = {Available at \url{http://paritytech.io/a-postmortem-on-the-parity-multi-sig-library-self-destruct/}}
}

@misc{rubixi,
author = {Vitalik Buterin},
year = {2016},
month = {June},
title = {Thinking About Smart Contract Security},
url = {https://blog.ethereum.org/2016/06/19/thinking-smart-contract-security/},
note = {Available at \url{https://blog.ethereum.org/2016/06/19/thinking-smart-contract-security/}}
}

@misc{governmental,
author = {u/ethererik},
year = {2016},
month = {},
title = {GovernMental's 1100 ETH jackpot payout is stuck because it uses too much gas},
url = {https://www.reddit.com/r/ethereum/comments/4ghzhv/governmentals_1100_eth_jackpot_payout_is_stuck/},
note = {Available at \url{https://www.reddit.com/r/ethereum/comments/4ghzhv/governmentals_1100_eth_jackpot_payout_is_stuck/}}
}

@misc{koet1,
author = {},
year = {},
month = {},
title = {KoET},
url = {http://blockchain.unica.it/projects/ethereum-survey/attacks.html#kotet},
note = {Available at \url{http://blockchain.unica.it/projects/ethereum-survey/attacks.html#kotet}}
}

@misc{integer,
author = {},
year = {},
month = {},
title = {Integer},
url = {https://solidity.readthedocs.io/en/v0.5.3/types.html#integers},
note = {Available at \url{https://solidity.readthedocs.io/en/v0.5.3/types.html#integers}}
}

@misc{bytecode1,
author = {Shane Fontaine},
year = {2019},
month = {September},
title = {What Are Smart Contracts? Guide For Beginners},
url = {https://cointelegraph.com/ethereum-for-beginners/what-are-smart-contracts-guide-for-beginners},
note = {Available at \url{https://cointelegraph.com/ethereum-for-beginners/what-are-smart-contracts-guide-for-beginners}}
}

@misc{ctbegin,
author = {},
year = {},
month = {},
title = {Understanding Bytecode on Ethereum},
url = {https://medium.com/authereum/bytecode-and-init-code-and-runtime-code-oh-my-7bcd89065904},
note = {Available at \url{https://medium.com/authereum/bytecode-and-init-code-and-runtime-code-oh-my-7bcd89065904}}
}

@misc{whatisEVM,
author = {eth},
year = {2019},
month = {September},
title = {What is the Ethereum Virtual Machine?},
url = {https://ethereum.stackexchange.com/questions/27367/what-is-the-ethereum-virtual-machine},
note = {Available at \url{https://ethereum.stackexchange.com/questions/27367/what-is-the-ethereum-virtual-machine}}
}

@misc{bitdegree,
author = {},
year = {2016},
month = {January},
title = {Ethereum Virtual Machine: Why and How You Should Use It},
url = {https://www.bitdegree.org/learn/ethereum-virtual-machine},
note = {Available at \url{https://www.bitdegree.org/learn/ethereum-virtual-machine}}
}

@misc{controlflow,
author = {},
year = {},
month = {},
title = {Control-flow graph},
url = {https://en.wikipedia.org/wiki/Control-flow_graph},
note = {Available at \url{https://en.wikipedia.org/wiki/Control-flow_graph}}
}

@misc{dos,
author = {},
year = {},
month = {},
title = {Denial-of-service attack},
url = {https://en.wikipedia.org/wiki/Denial-of-service_attack},
note = {Available at \url{https://en.wikipedia.org/wiki/Denial-of-service_attack}}
}

@article{<citation-key>,
title = {},
author = {},
journaltitle = {},
volume = {},
page = {},
year = {},
doi = {}
}

@online{<citation-key>,
author = {},
title = {},
year = {},
url = {}
}

@book{<citation-key>,
title = {},
author = {},
editor = {},
publisher = {},
page = {},
year = {}
}